<record xmlns="http://www.loc.gov/MARC21/slim" xmlns:xsi="http://www.w3.org/2001/XMLSchema-instance" xsi:schemaLocation="http://www.loc.gov/MARC21/slim http://www.loc.gov/standards/marcxml/schema/MARC21slim.xsd"><leader>00037nz   2200037n  4500</leader><controlfield tag="001">DNB|100948952</controlfield><controlfield tag="003">DNB</controlfield><controlfield tag="005">20080405164907.0</controlfield><controlfield tag="008">910104n||aznnnabbn           | aaa    |c</controlfield><datafield ind1=" " ind2=" " tag="035"><subfield code="a">(DE-101)100948952</subfield></datafield><datafield ind1=" " ind2=" " tag="035"><subfield code="a">(DE-588a)100948952</subfield></datafield><datafield ind1=" " ind2=" " tag="040"><subfield code="a">DE-12</subfield><subfield code="b">ger</subfield><subfield code="c">DE-101</subfield><subfield code="e">rakwb</subfield><subfield code="d">9999</subfield></datafield><datafield ind1=" " ind2=" " tag="079"><subfield code="a">p</subfield><subfield code="q">f</subfield><subfield code="q">n</subfield><subfield code="t">12-PMA</subfield><subfield code="t">12</subfield></datafield><datafield ind1="0" ind2=" " tag="100"><subfield code="a">Johannes</subfield><subfield code="c">de Epiphania</subfield><subfield code="d">fl.um 570/93</subfield></datafield><datafield ind1="0" ind2=" " tag="400"><subfield code="a">Johannes</subfield><subfield code="c">aus Epiphaneia</subfield><subfield code="d">fl.um 570/93</subfield></datafield><datafield ind1="0" ind2=" " tag="400"><subfield code="a">Jean</subfield><subfield code="c">d'Epiphanie</subfield><subfield code="d">fl.um 570/93</subfield></datafield><datafield ind1="0" ind2=" " tag="400"><subfield code="a">Johannes</subfield><subfield code="c">Scholasticus</subfield><subfield code="d">fl.um 570/93</subfield></datafield><datafield ind1="0" ind2=" " tag="400"><subfield code="a">John</subfield><subfield code="c">of Epiphaneia</subfield><subfield code="d">fl.um 570/93</subfield></datafield><datafield ind1="0" ind2=" " tag="400"><subfield code="a">Johannes</subfield><subfield code="c">Epiphaniensis</subfield><subfield code="d">fl.um 570/93</subfield></datafield><datafield ind1="1" ind2=" " tag="400"><subfield code="a">Epiphania, Johannes &#x98;de&#x9c;</subfield><subfield code="d">fl.um 570/93</subfield></datafield><datafield ind1="0" ind2=" " tag="400"><subfield code="a">Johannes</subfield><subfield code="c">Epiphanius</subfield><subfield code="d">fl.um 570/93</subfield></datafield><datafield ind1="1" ind2=" " tag="400"><subfield code="a">Epiphanius, Johannes</subfield><subfield code="d">fl.um 570/93</subfield></datafield><datafield ind1="0" ind2=" " tag="400"><subfield code="a">Iōannēs</subfield><subfield code="c">Epiphaneus</subfield><subfield code="d">fl.um 570/93</subfield></datafield><datafield ind1=" " ind2=" " tag="549"><subfield code="w">i</subfield><subfield code="i">Zeit</subfield><subfield code="a">um 570/93</subfield></datafield><datafield ind1=" " ind2=" " tag="670"><subfield code="a">Rep.Font. VI,314; LThK; CSGL</subfield></datafield><datafield ind1=" " ind2=" " tag="678"><subfield code="a">Historiai; De bello inter Graecos et Persas a. 571/572-592/593</subfield></datafield><datafield ind1=" " ind2=" " tag="692"><subfield code="a">Johannes &lt;de Epiphania&gt;: Fragmenta. - s.a.</subfield></datafield><datafield ind1=" " ind2=" " tag="910"><subfield code="a">fragmenta s a</subfield><subfield code="9">1</subfield></datafield><datafield ind1=" " ind2=" " tag="930"><subfield code="a">johannes de epiphania</subfield><subfield code="9">1</subfield></datafield><datafield ind1=" " ind2=" " tag="996"><subfield code="2">LC|no2003098907</subfield></datafield></record>